
@book {Deb01,
    AUTHOR = {Debarre, Olivier},
     TITLE = {Higher-dimensional algebraic geometry},
    SERIES = {Universitext},
 PUBLISHER = {Springer-Verlag, New York},
      YEAR = {2001},
     PAGES = {xiv+233},
      ISBN = {0-387-95227-6},
   MRCLASS = {14-02 (14E30 14Jxx)},
  MRNUMBER = {1841091},
MRREVIEWER = {Mark\ Gross},
       DOI = {10.1007/978-1-4757-5406-3},
       URL = {https://doi.org/10.1007/978-1-4757-5406-3},
}

@book {Har77,
    AUTHOR = {Hartshorne, Robin},
     TITLE = {Algebraic geometry},
    SERIES = {Graduate Texts in Mathematics},
    VOLUME = {No. 52},
 PUBLISHER = {Springer-Verlag, New York-Heidelberg},
      YEAR = {1977},
     PAGES = {xvi+496},
      ISBN = {0-387-90244-9},
   MRCLASS = {14-01},
  MRNUMBER = {463157},
MRREVIEWER = {Robert\ Speiser},
}

@book {KM98,
    AUTHOR = {Koll\'ar, J\'anos and Mori, Shigefumi},
     TITLE = {Birational geometry of algebraic varieties},
    SERIES = {Cambridge Tracts in Mathematics},
    VOLUME = {134},
      NOTE = {With the collaboration of C. H. Clemens and A. Corti,
              Translated from the 1998 Japanese original},
 PUBLISHER = {Cambridge University Press, Cambridge},
      YEAR = {1998},
     PAGES = {viii+254},
      ISBN = {0-521-63277-3},
   MRCLASS = {14E30},
  MRNUMBER = {1658959},
MRREVIEWER = {Mark\ Gross},
       DOI = {10.1017/CBO9780511662560},
       URL = {https://doi.org/10.1017/CBO9780511662560},
}

@book{Kol96,
    author = {Kollár, János},
    title = {Rational Curves on Algebraic Varieties},
    publisher = {Springer-Verlag},
    address = {Berlin, Heidelberg},
    year = {1996},
    series = {Ergebnisse der Mathematik und ihrer Grenzgebiete. 3. Folge / A Series of Modern Surveys in Mathematics},
    volume = {32},
    pages = {320},
    isbn = {978-3-540-60168-5},
    doi = {10.1007/978-3-662-03276-3},
    url = {https://doi.org/10.1007/978-3-662-03276-3}
}

@book {Laz04a,
    AUTHOR = {Lazarsfeld, Robert},
     TITLE = {Positivity in algebraic geometry. {I}},
    SERIES = {Ergebnisse der Mathematik und ihrer Grenzgebiete. 3. Folge. A
              Series of Modern Surveys in Mathematics [Results in
              Mathematics and Related Areas. 3rd Series. A Series of Modern
              Surveys in Mathematics]},
    VOLUME = {48},
      NOTE = {Classical setting: line bundles and linear series},
 PUBLISHER = {Springer-Verlag, Berlin},
      YEAR = {2004},
     PAGES = {xviii+387},
      ISBN = {3-540-22533-1},
   MRCLASS = {14-02 (14C20)},
  MRNUMBER = {2095471},
MRREVIEWER = {Mihnea\ Popa},
       DOI = {10.1007/978-3-642-18808-4},
       URL = {https://doi.org/10.1007/978-3-642-18808-4},
}

@book {Laz04b,
    AUTHOR = {Lazarsfeld, Robert},
     TITLE = {Positivity in algebraic geometry. {II}},
    SERIES = {Ergebnisse der Mathematik und ihrer Grenzgebiete. 3. Folge. A
              Series of Modern Surveys in Mathematics [Results in
              Mathematics and Related Areas. 3rd Series. A Series of Modern
              Surveys in Mathematics]},
    VOLUME = {49},
      NOTE = {Positivity for vector bundles, and multiplier ideals},
 PUBLISHER = {Springer-Verlag, Berlin},
      YEAR = {2004},
     PAGES = {xviii+385},
      ISBN = {3-540-22534-X},
   MRCLASS = {14-02 (14C20 14F05 14F17)},
  MRNUMBER = {2095472},
MRREVIEWER = {Mihnea\ Popa},
       DOI = {10.1007/978-3-642-18808-4},
       URL = {https://doi.org/10.1007/978-3-642-18808-4},
}

@book{Mat70,
  title={Commutative algebra},
  author={Matsumura, Hideyuki},
  volume={120},
  year={1970},
  publisher={WA Benjamin New York}
}