@book{lee2003IntroductionToSmoothManifolds,
  title={Introduction to Smooth Manifolds},
  author={Lee, John M},
  volume = {GTM218},
  year={2003},
  publisher={Springer}
}

@book{munkres2019Topology,
  title={Topology},
  author={Munkres, James R},
  year={2019},
  publisher={Pearson Education}
}

@book{guillemin2010DifferentialTopology,
  title={Differential topology},
  author={Guillemin, Victor and Pollack, Alan},
  volume={370},
  year={2010},
  publisher={American Mathematical Soc.}
}

@book{kirillov2008IntroductionToLieGroupAndLieAlgebra,
  title={An introduction to Lie groups and Lie algebras},
  author={Kirillov, Alexander A},
  volume={113},
  year={2008},
  publisher={Cambridge University Press}
}

@book{ahlfors1979ComplexAnalysis,
  title={Complex analysis},
  author={Ahlfors, Lars V},
  year={2022},
  publisher = {McGraw-Hill Education and China Machine Press}
}

@book{zhu2005PartialDifferentialEquations,
  author         = {朱长江， 邓引斌},
  editor         = {},
  publisher      = {北京: 科学出版社},
  title          = {偏微分方程教程},
  year           = {2005}
}

@book{farkas1992RiemannSurfaces,
  author         = {H.M.Farkas, I.Kra.},
  editor         = {},
  volume         = {GTM71},
  publisher      = {Springer},
  title          = {Riemann Surfaces},
  year           = {1992}
}

@book{lu1991RiemannSurfaces,
  author         = {吕以辇，张学莲},
  editor         = {},
  publisher      = {科学出版社},
  title          = {黎曼曲面},
  year           = {1991}
}

@book{hungerford2012algebra,
  title={Algebra},
  author={ Thomas W. Hungerford},
  volume={GTM73},
  year={2012},
  publisher={Springer Science \& Business Media}
}

@book{rotman2009homologicalAlgebra,
  title={An introduction to homological algebra},
  author={Joseph J. Rotman},
  volume={2},
  year={2009},
  publisher={Springer}
}

@book{梅加强2013黎曼曲面导引,
  title={黎曼曲面导引},
  author={梅加强},
  year={2013},
  publisher={北京大学出版社}
}

@book{bott1982differential,
  title={Differential forms in algebraic topology},
  author={Bott, Raoul and Tu, Loring W and others},
  volume={82},
  year={1982},
  publisher={Springer}
}

@book{do1992riemannian,
  title={Riemannian geometry},
  author={Do Carmo, Manfredo Perdigao and Flaherty Francis, J},
  volume={6},
  year={1992},
  publisher={Springer}
}

@book{matsumura1970commutative,
  title={Commutative algebra},
  author={Matsumura, Hideyuki},
  volume={120},
  year={1970},
  publisher={WA Benjamin New York}
}

@book{hartshorne2013algebraic,
  title={Algebraic geometry},
  author={Hartshorne, Robin},
  volume={52},
  year={2013},
  publisher={Springer Science \& Business Media}
}

@book{alexandrino2015lie,
  title={Lie groups and geometric aspects of isometric actions},
  author={Alexandrino, Marcos M and Bettiol, Renato G and others},
  volume={8},
  year={2015},
  publisher={Springer}
}

@book{atiyah1969CA,
  author         = {M.F.Atiyah, I.G.MacDonald},
  editor         = {},
  publisher      = {},
  title          = {Introduction to Commutative Algebra},
  year           = {}
}

@unpublished{milne2020ANT,
  author         = {Milne, James S.},
  note           = {Available at \url{www.jmilne.org/math/}},
  title          = {Algebraic Number Theory (v3.08)},
  year           = {2020},
}

@book{gathmann2002AG,
  author         = {Andreas Gathmann},
  title          = {Algebraic Geometry},
  booktitle      = {Notes for a class taught at the University of Kaiserslautern},
  year           = {2002/2003}
}

@book{刘青2002algebraic,
  title={Algebraic geometry and arithmetic curves},
  author={刘青},
  volume={6},
  year={2002},
  publisher={Oxford Graduate Texts in Mathe}
}

@unpublished{JingrenChi2023ANT,
  author = {Jingren Chi},
  note   = {Available at \href{https://docs.qq.com/s/il3OruIQd6K7BgFoIDRieq}{腾讯文档共享}},
  title  = {Algebraic Number Theory 2023 Summer School},
  year   = {2023}
}

@unpublished{YeTian2019ANT,
  author = {Ye Tian},
  note   = {Available at \href{http://www.math.ac.cn/xshd/hyyzt/201902/W020191210557979308728.pdf}{Algebraic Number Theory-Summer School Notes}},
  title  = {Algebraic Number Theory-Summer School Notes},
  year   = {2019}
}

@book{washington2012introduction,
  title={Introduction to cyclotomic fields},
  author={Washington, Lawrence C},
  volume={83},
  year={2012},
  publisher={Springer Science \& Business Media}
}