C:/Users/hxj/WorkPlace/Note_on_Algebraic_Geometry/template/ref.bib